
@inproceedings{Zargham-2011,
	Author = {M. Zargham and A. Ribeiro and A. Ozdaglar and A. Jadbabaie},
	Title = {{Accelerated dual descent for network optimization}},
	Booktitle = {{American Control Conference}},
	Address = {{San Francisco, CA, US}},
	Month = jun,
	Year = {2011}
	}

@inproceedings{Sadler-2006,
	Author = {Christopher M. Sadler and Margaret Martonosi},
	Title = {{Data compression algorithms for energy-constrained devices in delay tolerant networks}},
	Address = {{Boulder, CO, US}},
	Booktitle = {{ACM SenSys}},
	Month = oct,
	Year = {2006}
	}
	
@article{Shannon-1948,
	Author = {C. E. Shannon},
	Title = {A mathematical theory of communication},
	Journal = {{The Bell System Technical Journal}},
	Volume = {27},
	Number = {3},
	Month = jul,
	Pages = {379-423},
	Year = {1948}
	}
	
@article{Norhafizan-2013,
	Author = {Ahmad,Norhafizan and Ghazilla, Raja Ariffin Raja and Khairi, Nazirah},
	Title = {{Reviews on Various Inertial Measurement Unit (IMU) Sensor Applications}},
	Journal = {{International Journal of Signal Processing Systems}},
	Volume = {1},
	Number = {2},
	Month = dec,
	Year = {2013}
	}

@article{Korbinian,
	Author = {Frank, Korbinian  and Nadales, Marı́a Josefa Vera and Robertson, Patrick and Angermann, Michael},
	Title = {{Reliable Real-Time Recognition of Motion Related Human Activities Using MEMS Inertial Sensors}},
	Journal = {{German Aerospace Center (DLR), Institute of Communications and Navigation}},

	}

@online{DLR,
	Editor = {},
	Title = {Deutsches Zentrum für Luft- und Raumfahrt (DLR) - Institut für Kommunikation und Navigation, Nachrichtensysteme},
	Url = {https://www.dlr.de/kn/desktopdefault.aspx/tabid-8500/14564_read-36508/}
	}
